<record><leader>00000cas a22000007a 4500</leader><controlfield tag="001">19773403</controlfield><controlfield tag="008">890527d19361968njuwr ne      0    0eng d</controlfield><datafield ind1=" " ind2=" " tag="010"><subfield code="a">sn 89069099 </subfield></datafield><datafield ind1=" " ind2=" " tag="040"><subfield code="a">NJW</subfield><subfield code="b">eng</subfield><subfield code="c">NJW</subfield><subfield code="d">OCLCQ</subfield></datafield><datafield ind1=" " ind2=" " tag="042"><subfield code="a">msc</subfield></datafield><datafield ind1="0" ind2="0" tag="245"><subfield code="a">Lincoln Park herald.</subfield></datafield><datafield ind1=" " ind2=" " tag="260"><subfield code="a">Lincoln Park, N.J. :</subfield><subfield code="b">William B. Van Houten,</subfield><subfield code="c">-1968.</subfield></datafield><datafield ind1=" " ind2=" " tag="310"><subfield code="a">Weekly</subfield></datafield><datafield ind1="1" ind2=" " tag="362"><subfield code="a">Began in Jan. 1936.</subfield></datafield><datafield ind1="0" ind2=" " tag="362"><subfield code="a">-v. 32, no. 19 (May 11, 1968).</subfield></datafield><datafield ind1=" " ind2=" " tag="588"><subfield code="a">Description based on: Vol. 6, no. 33 (Sept. 10, 1943).</subfield></datafield><datafield ind1=" " ind2=" " tag="752"><subfield code="a">United States</subfield><subfield code="b">New Jersey</subfield><subfield code="c">Morris</subfield><subfield code="d">Lincoln Park.</subfield></datafield><datafield ind1="0" ind2="5" tag="780"><subfield code="t">Pequannock Township news</subfield></datafield><datafield ind1="0" ind2="5" tag="780"><subfield code="t">Tonaco herald</subfield></datafield><datafield ind1="0" ind2="0" tag="785"><subfield code="t">Lincoln herald (Lincoln Park, N.J. : 1968)</subfield><subfield code="w">(DLC)sn 89069100</subfield></datafield></record>